<?xml version="1.0" encoding="UTF-8"?><collection xmlns="http://www.loc.gov/MARC21/slim"><record><leader>00616nam--2200193-u-4500</leader><controlfield tag="001">000055741</controlfield><controlfield tag="002">20161230</controlfield><controlfield tag="005">20161230201052</controlfield><controlfield tag="008">130409s1000------------r-----000-0-eng-d</controlfield><datafield ind1=" " ind2=" " tag="040"><subfield code="a">IFIN-HH</subfield></datafield><datafield ind1=" " ind2=" " tag="080"><subfield code="a">54(035):53(035)</subfield></datafield><datafield ind1="1" ind2=" " tag="100"><subfield code="a">Hodgman, Charles D</subfield></datafield><datafield ind1="1" ind2="0" tag="245"><subfield code="a">Handbook of chemistry and physics</subfield><subfield code="b">A ready-reference book of chemical and physical data</subfield><subfield code="c">Charles d. hodgman (editor in chief)</subfield></datafield><datafield ind1=" " ind2=" " tag="250"><subfield code="a">Thirty-seventh Edition</subfield></datafield><datafield ind1=" " ind2=" " tag="260"><subfield code="a">Chemical Rubber Publishing Co</subfield><subfield code="b">Cleveland, Ohio</subfield><subfield code="c">1955</subfield></datafield><datafield ind1=" " ind2=" " tag="300"><subfield code="a">2 VOL</subfield></datafield><datafield ind1="1" ind2=" " tag="787"><subfield code="a">Vol. Ii</subfield><subfield code="h">/1500p./3156p</subfield></datafield><datafield ind1=" " ind2=" " tag="852"><subfield code="a">44494</subfield><subfield code="c">H.H</subfield></datafield><datafield ind1=" " ind2=" " tag="CAT"><subfield code="a">Sys</subfield><subfield code="c">20130409</subfield><subfield code="h">165134</subfield></datafield></record></collection>